<?xml version="1.0" encoding="UTF-8"?><record xmlns="http://www.loc.gov/MARC21/slim" xmlns:cinclude="http://apache.org/cocoon/include/1.0" xmlns:zs="http://www.loc.gov/zing/srw/">
  <leader>00524nz  a2200145n  4500</leader>
  <controlfield tag="001">no2009062735</controlfield>
  <controlfield tag="003">DLC</controlfield>
  <controlfield tag="005">20090424075556.0</controlfield>
  <controlfield tag="008">090422n| acannaabn          |n aaa     c</controlfield>
  <datafield tag="010" ind1=" " ind2=" ">
    <subfield code="a">no2009062735</subfield>
  </datafield>
  <datafield tag="035" ind1=" " ind2=" ">
    <subfield code="a">(OCoLC)oca08085595</subfield>
  </datafield>
  <datafield tag="040" ind1=" " ind2=" ">
    <subfield code="a">GU-Mu</subfield>
    <subfield code="b">eng</subfield>
    <subfield code="c">GU-Mu</subfield>
  </datafield>
  <datafield tag="100" ind1="1" ind2=" ">
    <subfield code="a">Patković, Denis,</subfield>
    <subfield code="d">1980-</subfield>
  </datafield>
  <datafield tag="670" ind1=" " ind2=" ">
    <subfield code="a">His Gold berg/mine variations, p2008:</subfield>
    <subfield code="b">container (Denis Patković, accordion)</subfield>
  </datafield>
  <datafield tag="670" ind1=" " ind2=" ">
    <subfield code="a">Frankfurter Allgemeine Zeitung WWW site, April 22 2009</subfield>
    <subfield code="b">(Denis Patković wurde 1980 in Calw (Baden-Württemberg) geboren)</subfield>
  </datafield>
</record>